@article{benioff1980computer,
  title={The computer as a physical system: A microscopic quantum mechanical Hamiltonian model of computers as represented by Turing machines},
  author={Benioff, Paul},
  journal={Journal of statistical physics},
  volume={22},
  number={5},
  pages={563--591},
  year={1980},
  publisher={Springer}
}

@book{manin1980vychislimoe,
    title={Vychislimoe i nevychislimoe},
    author={Manin, IU I},
    year={1980},
    publisher={Sov. radio}
}

@article{feynman1982simulating,
    title={Simulating physics with computers},
    author={Feynman, Richard P},
    journal={Int. J. Theor. Phys},
    volume={21},
    number={6/7},
    year={1982}
}

@article{shor1999polynomial,
    title={Polynomial-time algorithms for prime factorization and discrete logarithms on a quantum computer},
    author={Shor, Peter W},
    journal={SIAM review},
    volume={41},
    number={2},
    pages={303--332},
    year={1999},
    publisher={SIAM}
}

@inproceedings{grover1996fast,
    title={A fast quantum mechanical algorithm for database search},
    author={Grover, Lov K},
    booktitle={Proceedings of the twenty-eighth annual ACM symposium on Theory of computing},
    pages={212--219},
    year={1996}
}


@online{mcardle2018quantum,
    author = {McArdle, Sam and Endo, Suguru and Aspuru-Guzik, Alan and Benjamin, Simon and Yuan, Xiao},
    title = {Quantum computational chemistry},
    eprinttype = {arxiv},
    eprint = {1808.10402},
    eprintclass = {quant-ph},
    year = {2018},
}

@article{bennett2014quantum,
    title={Quantum cryptography},
    author={Bennett, Charles H and Brassard, Gilles},
    journal={Theoretical Computer Science},
    volume={560},
    number={P1},
    pages={7--11},
    year={2014},
    publisher={Elsevier Science Publishers Ltd. Essex, UK}
}

@article{biamonte2017quantum,
    title={Quantum machine learning},
    author={Biamonte, Jacob and Wittek, Peter and Pancotti, Nicola and Rebentrost, Patrick and Wiebe, Nathan and Lloyd, Seth},
    journal={Nature},
    volume={549},
    number={7671},
    pages={195--202},
    year={2017},
    publisher={Nature Publishing Group}
}

@article{fowler2012surface,
    title={Surface codes: Towards practical large-scale quantum computation},
    author={Fowler, Austin G and Mariantoni, Matteo and Martinis, John M and Cleland, Andrew N},
    journal={Physical Review A},
    volume={86},
    number={3},
    pages={032324},
    year={2012},
    publisher={APS}
}

@article{preskill2018quantum,
    title={Quantum Computing in the {NISQ} era and beyond},
    author={Preskill, John},
    journal={Quantum},
    volume={2},
    pages={79},
    year={2018},
    publisher={Verein zur F{\"o}rderung des Open Access Publizierens in den Quantenwissenschaften}
}

@article{endo2021hybrid,
    title={Hybrid quantum-classical algorithms and quantum error mitigation},
    author={Endo, Suguru and Cai, Zhenyu and Benjamin, Simon C and Yuan, Xiao},
    journal={Journal of the Physical Society of Japan},
    volume={90},
    number={3},
    pages={032001},
    year={2021},
    publisher={The Physical Society of Japan}
}

@inproceedings{last2020quantum,
    title={{Quantum Inspire}: {QuTech}’s platform for co-development and collaboration in quantum computing},
    author={Last, Thorsten and Samkharadze, Nodar and Eendebak, Pieter and Versluis, Richard and Xue, Xiao and Sammak, Amir and Brousse, Delphine and Loh, Kelvin and Polinder, Henk and Scappucci, Giordano and others},
    booktitle={Novel Patterning Technologies for Semiconductors, MEMS/NEMS and MOEMS 2020},
    volume={11324},
    pages={113240J},
    year={2020},
    organization={International Society for Optics and Photonics}
}

@online{surf,
    author = {{SURF}},
    title = {{SURFsara} Systems},
    url = {https://userinfo.surfsara.nl/systems/},
    urldate = {2021-02-24},
    year = {2021},
}

@article{turing1937computable,
    title={On computable numbers, with an application to the Entscheidungsproblem},
    author={Turing, Alan Mathison},
    journal={Proceedings of the London mathematical society},
    volume={2},
    number={1},
    pages={230--265},
    year={1937},
    publisher={Wiley Online Library}
}

@article{church1936note,
    title={A note on the Entscheidungsproblem},
    author={Church, Alonzo and others},
    journal={J. Symb. Log.},
    volume={1},
    number={1},
    pages={40--41},
    year={1936}
}

@book{cormen2009introduction,
    title={Introduction to algorithms},
    author={Cormen, Thomas H and Leiserson, Charles E and Rivest, Ronald L and Stein, Clifford},
    year={2009},
    publisher={MIT press}
}

@book{arora2009computational,
    title={Computational complexity: a modern approach},
    author={Arora, Sanjeev and Barak, Boaz},
    year={2009},
    publisher={Cambridge University Press}
}

@article{deutsch1985quantum,
    title={Quantum theory, the Church--Turing principle and the universal quantum computer},
    author={Deutsch, David},
    journal={Proceedings of the Royal Society of London. A. Mathematical and Physical Sciences},
    volume={400},
    number={1818},
    pages={97--117},
    year={1985},
    publisher={The Royal Society London}
}

@article{hartmanis1965computational,
    title={On the computational complexity of algorithms},
    author={Hartmanis, Juris and Stearns, Richard E},
    journal={Transactions of the American Mathematical Society},
    volume={117},
    pages={285--306},
    year={1965},
    publisher={JSTOR}
}

@article{dershowitz2008natural,
    title={A natural axiomatization of computability and proof of Church's Thesis},
    author={Dershowitz, Nachum and Gurevich, Yuri},
    journal={Bulletin of symbolic logic},
    volume={14},
    number={3},
    pages={299--350},
    year={2008},
    publisher={Cambridge University Press}
}

@article{bennett1973logical,
    title={Logical reversibility of computation},
    author={Bennett, Charles H},
    journal={IBM journal of Research and Development},
    volume={17},
    number={6},
    pages={525--532},
    year={1973},
    publisher={IBM}
}

@article{arute2019quantum,
    title={Quantum supremacy using a programmable superconducting processor},
    author={Arute, Frank and Arya, Kunal and Babbush, Ryan and Bacon, Dave and Bardin, Joseph C and Barends, Rami and Biswas, Rupak and Boixo, Sergio and Brandao, Fernando GSL and Buell, David A and others},
    journal={Nature},
    volume={574},
    number={7779},
    pages={505--510},
    year={2019},
    publisher={Nature Publishing Group}
}

@incollection{goldreich2011world,
    title={In a world of {P= BPP}},
    author={Goldreich, Oded},
    booktitle={Studies in Complexity and Cryptography. Miscellanea on the Interplay between Randomness and Computation},
    pages={191--232},
    year={2011},
    publisher={Springer}
}

@article{nisan1994hardness,
    title={Hardness vs randomness},
    author={Nisan, Noam and Wigderson, Avi},
    journal={Journal of computer and System Sciences},
    volume={49},
    number={2},
    pages={149--167},
    year={1994},
    publisher={Elsevier}
}

@article{bernstein1997quantum,
    title={Quantum complexity theory},
    author={Bernstein, Ethan and Vazirani, Umesh},
    journal={SIAM Journal on computing},
    volume={26},
    number={5},
    pages={1411--1473},
    year={1997},
    publisher={SIAM}
}

@inproceedings{aaronson2010bqp,
    title={{BQP} and the polynomial hierarchy},
    author={Aaronson, Scott},
    booktitle={Proceedings of the forty-second ACM symposium on Theory of computing},
    pages={141--150},
    year={2010}
}

@article{d2003quantum,
    title={Quantum tomography},
    author={D'Ariano, G Mauro and Paris, Matteo GA and Sacchi, Massimiliano F},
    journal={Advances in Imaging and Electron Physics},
    volume={128},
    pages={206--309},
    year={2003},
    publisher={San Diego: Academic Press, c1995-}
}

@misc{nielsen2002quantum,
    title={Quantum computation and quantum information},
    author={Nielsen, Michael A and Chuang, Isaac},
    year={2002},
    publisher={American Association of Physics Teachers}
}

@article{zalka1999grover,
    title={Grover’s quantum searching algorithm is optimal},
    author={Zalka, Christof},
    journal={Physical Review A},
    volume={60},
    number={4},
    pages={2746},
    year={1999},
    publisher={APS}
}

@article{sim2019expressibility,
    title={Expressibility and Entangling Capability of Parameterized Quantum Circuits for Hybrid Quantum-Classical Algorithms},
    author={Sim, Sukin and Johnson, Peter D and Aspuru-Guzik, Al{\'a}n},
    journal={Advanced Quantum Technologies},
    volume={2},
    number={12},
    pages={1900070},
    year={2019},
    publisher={Wiley Online Library}
}